{
  "marc21_record": {
    "leader": "         a22        4500",
    "fields": [
      {
        "tag": "001",
        "data": "YD2600007"
      },
      {
        "tag": "005",
        "data": "20260616100350.0"
      },
      {
        "tag": "008",
        "data": "260616s2015    vm      m                "
      },
      {
        "tag": "040",
        "ind1": " ",
        "ind2": " ",
        "subfields": [
          {
            "code": "a",
            "value": "DHYD"
          },
          {
            "code": "b",
            "value": "vie"
          },
          {
            "code": "c",
            "value": "DHYD"
          },
          {
            "code": "e",
            "value": "AACR2"
          }
        ]
      },
      {
        "tag": "041",
        "ind1": "0",
        "ind2": " ",
        "subfields": [
          {
            "code": "a",
            "value": "vie"
          }
        ]
      },
      {
        "tag": "050",
        "ind1": " ",
        "ind2": "0",
        "subfields": [
          {
            "code": "a",
            "value": "IU"
          }
        ]
      },
      {
        "tag": "060",
        "ind1": " ",
        "ind2": " ",
        "subfields": [
          {
            "code": "a",
            "value": "WO 32"
          }
        ]
      },
      {
        "tag": "100",
        "ind1": "1",
        "ind2": " ",
        "subfields": [
          {
            "code": "a",
            "value": "Trang, Nguyễn Hồng."
          }
        ]
      },
      {
        "tag": "245",
        "ind1": "1",
        "ind2": "0",
        "subfields": [
          {
            "code": "a",
            "value": "ĐÁNH GIÁ MÔ GIÁP CÒN LẠI TRƯỚC ĐIỀU TRỊ I-131 TRONG CARCINÔM GIÁP BIỆT HÓA BẰNG XẠ HÌNH VỚI Tc99m."
          }
        ]
      },
      {
        "tag": "260",
        "ind1": " ",
        "ind2": " ",
        "subfields": [
          {
            "code": "a",
            "value": "Thành phố Hồ Chí Minh"
          },
          {
            "code": "c",
            "value": "2015"
          }
        ]
      },
      {
        "tag": "500",
        "ind1": " ",
        "ind2": " ",
        "subfields": [
          {
            "code": "a",
            "value": "0109008264 W/K 270 NGU 2015 C-1."
          }
        ]
      },
      {
        "tag": "500",
        "ind1": " ",
        "ind2": " ",
        "subfields": [
          {
            "code": "a",
            "value": "SĐTC: 363/2015."
          }
        ]
      },
      {
        "tag": "500",
        "ind1": " ",
        "ind2": " ",
        "subfields": [
          {
            "code": "a",
            "value": "1077: ill."
          }
        ]
      },
      {
        "tag": "500",
        "ind1": " ",
        "ind2": " ",
        "subfields": [
          {
            "code": "a",
            "value": "0171.le (pdf)."
          }
        ]
      },
      {
        "tag": "502",
        "ind1": " ",
        "ind2": " ",
        "subfields": [
          {
            "code": "a",
            "value": "Mã số: 60.72.01.49, Luận văn Thạc sĩ Y học."
          }
        ]
      },
      {
        "tag": "710",
        "ind1": "2",
        "ind2": " ",
        "subfields": [
          {
            "code": "a",
            "value": "BỘ GIÁO DỤC VÀ ĐÀO TẠO | BỘ Y TẾ | ĐẠI HỌC Y DƯỢC THÀNH PHỐ HỒ CHÍ MINH."
          }
        ]
      },
      {
        "tag": "915",
        "ind1": " ",
        "ind2": " ",
        "subfields": [
          {
            "code": "a",
            "value": "Ung Thư"
          },
          {
            "code": "c",
            "value": "Thạc Sĩ"
          },
          {
            "code": "f",
            "value": "PGS.TS. Trần Văn Thiệp"
          }
        ]
      },
      {
        "tag": "927",
        "ind1": " ",
        "ind2": " ",
        "subfields": [
          "LA"
        ]
      }
    ]
  },
  "ai_evaluation_metrics": {}
}